@string{bit = {BIT Numer. Math.}}
@string{cacm = {Commun. ACM}}
@string{cj = {Computer Journal}}
@string{coap = {Comput. Optim. Appl.}}
@string{dnam = {Report DNAM}}
@string{etna = {ETNA}}
@string{ijcma = {Intern. J. of Computers and Mathematics with Applications}}
@string{imajna = {IMA J. Numer. Anal.}}
@string{infjoc = {INFORMS J. on Computing}}
@string{jacm = {J. Association for Computing Machinery}}
@string{jgc = {J. of Guidance, Control, and Dynamics}}
@string{jmaa = {J. Math. Anal. Appl.}}
@string{jor = {Operations Research}}
@string{jota = {J. Optim. Theory and Applics.}}
@string{jrnsb = {J. Res. Natl. Bur. Stand.}}
@string{jrssb = {J. Roy. Statist. Soc. Ser. B}}
@string{laa = {Linear Algebra and its Applications}}
@string{mc = {Math. Comp.}}
@string{mor = {Math. Oper. Res.}}
@string{mp = {Math. Program.}}
@string{mpstudy = {Math. Program. Study}}
@string{ms = {Management Science}}
@string{nac = {Report NAC}}
@string{nlaa = {Numer. Linear Algebra Appl.}}
@string{numalg = {Numer. Algor.}}
@string{nm = {Numer. Math.}}
@string{npl = {National Physical Laboratory, England}}
@string{optsyst = {Division of Optimization and Systems Theory, Department of Mathematics, Royal Institute of Technology}}
@string{or = {Operations Research}}
@string{orl = {Operations Research Letters}}
@string{orsajoc = {ORSA J. of Computing}}
@string{siam = {SIAM J. Appl. Math.}}
@string{sic = {SIAM J. Computing}}
@string{sico = {SIAM J. Control Optim.}}
@string{simax = {SIAM J. Matrix Anal. Appl.}}
@string{sinum = {SIAM J. Numer. Anal.}}
@string{siopt = {SIAM J. Optim.}}
@string{sirev = {SIAM Review}}
@string{sisc = {SIAM J. Sci. Comput.}}
@string{sissc = {SIAM J. Sci. and Statist. Comput.}}
@string{sr = {SIAM Review}}
@string{tams = {Trans. Amer. Math. Soc.}}
@string{toms = {ACM Trans. Math. Software}}

@Article{wright-orban-2002,
 author = {S. J. Wright and D. Orban},
 title = {Local Convergence of the {N}ewton/Log-Barrier Method
          for Degenerate Problems},
 doi = {10.1287/moor.27.3.585.312},
 journal = mor,
 year = {2002}, volume = {27}, number = {3}, pages = {585--613}
}
